@thesis{Abhau200501,
    author      = "Jochen Abhau",
    title       = "{D}ie {H}omologie von {M}odulräumen {R}iemannscher {F}lächen -- {B}e\-rech\-nung\-en für $g \le 2$",
    school      = "Rheinische Friedrich-Wil\-helms-Universität Bonn",
    type        = "Diplomarbeit",
    year        = "2005"
}

@article{Disertori:2006,
 author  = {Disertori, Margherita},
 title   = {Constructive Renormalization for Interacting Fermions},
 journal = {Lett Math Phys},
 year    = {2006},
 volume  = {78},
 pages   = {263–277},
 url     = {https://doi.org/10.1007/s11005-006-0124-0},
 doi     = {10.1007/s11005-006-0124-0},
}

@misc{Wikipedia2024,
  title        = {Compactly generated space},
  author       = {Wikipedia},
  year         = 2024,
  note         = {Accessed: 23.07.2024},
  howpublished = {\url{https://en.wikipedia.org/wiki/Compactly_generated_space}}
}